<record><leader>00000cas a22000007a 4500</leader><controlfield tag="001">8776796</controlfield><controlfield tag="008">820915d18581868gaudn ne      0    0eng  </controlfield><datafield ind1=" " ind2=" " tag="010"><subfield code="a">sn 82014304 </subfield></datafield><datafield ind1=" " ind2=" " tag="040"><subfield code="a">DLC</subfield><subfield code="b">eng</subfield><subfield code="c">DLC</subfield><subfield code="d">NPV</subfield><subfield code="d">NPY</subfield><subfield code="d">NPU</subfield><subfield code="d">NPX</subfield><subfield code="d">NPA</subfield><subfield code="d">PPM</subfield><subfield code="d">DLC</subfield><subfield code="d">NLG</subfield><subfield code="d">CNW</subfield><subfield code="d">MGN</subfield><subfield code="d">DLC</subfield><subfield code="d">CRL</subfield><subfield code="d">OCL</subfield><subfield code="d">GUA</subfield><subfield code="d">DLC</subfield><subfield code="d">GUA</subfield><subfield code="d">OCLCQ</subfield><subfield code="d">OCLCF</subfield></datafield><datafield ind1="1" ind2=" " tag="029"><subfield code="a">AU@</subfield><subfield code="b">000026373709</subfield></datafield><datafield ind1=" " ind2=" " tag="042"><subfield code="a">msc</subfield></datafield><datafield ind1=" " ind2=" " tag="043"><subfield code="a">n-us-ga</subfield></datafield><datafield ind1=" " ind2=" " tag="045"><subfield code="a">w5w7</subfield></datafield><datafield ind1="0" ind2="0" tag="050"><subfield code="a">Newspaper</subfield></datafield><datafield ind1="0" ind2=" " tag="130"><subfield code="a">Daily intelligencer (Atlanta, Ga. : 1858)</subfield></datafield><datafield ind1="1" ind2="4" tag="245"><subfield code="a">The daily intelligencer.</subfield></datafield><datafield ind1="1" ind2=" " tag="246"><subfield code="i">Issues for &lt;Aug. 30-Sept. 29, 1865&gt; published as:</subfield><subfield code="a">Atlanta intelligencer</subfield></datafield><datafield ind1=" " ind2=" " tag="260"><subfield code="a">Atlanta, Ga. :</subfield><subfield code="b">A.A. Gaulding &amp; Co.,</subfield><subfield code="c">[1858-1868]</subfield></datafield><datafield ind1=" " ind2=" " tag="300"><subfield code="a">v.</subfield></datafield><datafield ind1=" " ind2=" " tag="310"><subfield code="a">Daily (except Mon.),</subfield><subfield code="b">Apr. 21, 1861-&lt;Sept. 19, 1868&gt;</subfield></datafield><datafield ind1=" " ind2=" " tag="321"><subfield code="a">Daily (except Mon.),</subfield><subfield code="b">&lt;Oct. 7, 1858-Sept. 18, 1859&gt;</subfield></datafield><datafield ind1=" " ind2=" " tag="321"><subfield code="a">Daily (except Sun.),</subfield><subfield code="b">&lt;Jan. 4, 1860&gt;-Apr. 20, 1861</subfield></datafield><datafield ind1="1" ind2=" " tag="362"><subfield code="a">Began in Mar. 1858; ceased in 1868.</subfield></datafield><datafield ind1=" " ind2=" " tag="500"><subfield code="a">Published at Macon, Ga., &lt;Aug. 3, 1864-Nov. 18, 1864&gt;</subfield></datafield><datafield ind1=" " ind2=" " tag="515"><subfield code="a">Numbering irregular.</subfield></datafield><datafield ind1=" " ind2=" " tag="515"><subfield code="a">None published Apr. 11-18, 1864; occasional supplements only published, Nov. 19-Dec. 19, 1864?</subfield></datafield><datafield ind1=" " ind2=" " tag="530"><subfield code="a">Also issued on microfilm from the State Historical Society of Wisconsin and Western Reserve Historical Society.</subfield></datafield><datafield ind1=" " ind2=" " tag="580"><subfield code="a">Weekly eds.: Weekly Atlanta intelligencer (Atlanta, Ga. : 1858), and: Weekly intelligencer (Atlanta, Ga.), and: Weekly Atlanta intelligencer (Atlanta, Ga. : 1865).</subfield></datafield><datafield ind1=" " ind2=" " tag="588"><subfield code="a">Description based on: Vol. 4, no. 287 (Oct. 7, 1858).</subfield></datafield><datafield ind1=" " ind2=" " tag="588"><subfield code="a">Latest issue consulted: Vol. 11, no. 13 (Dec. 31, 1864).</subfield></datafield><datafield ind1=" " ind2="0" tag="651"><subfield code="a">Atlanta (Ga.)</subfield><subfield code="v">Newspapers.</subfield></datafield><datafield ind1=" " ind2="0" tag="651"><subfield code="a">Fulton County (Ga.)</subfield><subfield code="v">Newspapers.</subfield></datafield><datafield ind1=" " ind2="7" tag="655"><subfield code="a">Newspapers.</subfield><subfield code="2">fast</subfield><subfield code="0">(OCoLC)fst01423814</subfield></datafield><datafield ind1=" " ind2="7" tag="651"><subfield code="a">Georgia</subfield><subfield code="z">Atlanta.</subfield><subfield code="2">fast</subfield><subfield code="0">(OCoLC)fst01204627</subfield></datafield><datafield ind1=" " ind2="7" tag="651"><subfield code="a">Georgia</subfield><subfield code="z">Fulton County.</subfield><subfield code="2">fast</subfield><subfield code="0">(OCoLC)fst01211153</subfield></datafield><datafield ind1=" " ind2=" " tag="752"><subfield code="a">United States</subfield><subfield code="b">Georgia</subfield><subfield code="c">Fulton</subfield><subfield code="d">Atlanta.</subfield></datafield><datafield ind1=" " ind2=" " tag="752"><subfield code="a">United States</subfield><subfield code="b">Georgia</subfield><subfield code="c">Bibb</subfield><subfield code="d">Macon.</subfield></datafield><datafield ind1="1" ind2=" " tag="775"><subfield code="t">Weekly Atlanta intelligencer (Atlanta, Ga. : 1858)</subfield><subfield code="w">(DLC)sn 87090571</subfield><subfield code="w">(OCoLC)15926083</subfield></datafield><datafield ind1="1" ind2=" " tag="775"><subfield code="t">Weekly intelligencer (Atlanta, Ga.)</subfield><subfield code="w">(DLC)sn 85038500</subfield><subfield code="w">(OCoLC)12611097</subfield></datafield><datafield ind1="1" ind2=" " tag="775"><subfield code="t">Weekly Atlanta intelligencer (Atlanta, Ga. : 1865)</subfield><subfield code="w">(DLC)sn 89053739</subfield><subfield code="w">(OCoLC)20942138</subfield></datafield><datafield ind1="1" ind2=" " tag="776"><subfield code="t">Daily intelligencer (Atlanta, Ga. : 1858 : Online)</subfield><subfield code="w">(DLC)  2010233920</subfield><subfield code="w">(OCoLC)613206086</subfield></datafield><datafield ind1="0" ind2="0" tag="780"><subfield code="t">Atlanta daily intelligencer and examiner</subfield><subfield code="w">(DLC)sn 89053737</subfield><subfield code="w">(OCoLC)20942274</subfield></datafield><datafield ind1="0" ind2="0" tag="785"><subfield code="t">Daily Atlanta intelligencer</subfield><subfield code="w">(DLC)sn 89053738</subfield><subfield code="w">(OCoLC)20942169</subfield></datafield></record>